1661 2663
133 154 183 195 V.
207 156 241 195 1.
266 154 431 208 5—15.]
633 165 903 195 AVLVLARIA.
1306 155 1388 198 167

31 265 112 304 805
132 261 307 301 erumne
328 274 404 314 ego
425 260 582 314 aspicio
603 263 778 301 meum?

134 318 208 359 LY.
251 317 373 358 video
394 332 470 371 ego
492 317 603 357 hune
625 317 787 358 servo'm
808 319 983 357 meum?
1372 333 1387 356 ⁵

132 374 229 416 STR.
280 375 395 428 ipsus
426 379 499 415 est.
571 374 647 415 LY.
690 374 805 414 haud
847 374 958 414 alius
998 378 1072 415 est.
1148 373 1247 415 STR.
1291 388 1387 414 eon-

31 889 114 928 810
134 887 364 941 repperi...
397 887 473 928 LY.
524 887 626 941 quid
666 886 918 941 repperisti?

33 1452 114 1490 815

245 431 420 485 gre'diar.

480 431 555 472 LY.
588 431 816 472 contollam
837 431 1030 484 gradum.

133 488 257 529 credo
279 503 355 542 ego
376 488 508 536 illum,
538 489 588 528 {it
610 488 723 536 iussi,
747 502 917 542 eampse
939 488 1075 528 adisse
1097 502 1237 537 anum,
1260 488 1388 528 huius

246 545 457 586 nutricem
477 545 662 599 virginis.

133 602 233 643 STR.
270 603 373 656 quin
395 616 470 655 ego
491 602 553 642 illi
574 616 641 642 me
662 601 873 642 invenisse
895 601 1034 642 dicam
1054 601 1164 642 hane
1185 602 1387 656 praedam

247 666 376 714 atque
399 659 580 712 e'loquar.

234 715 258 740 ἦε
403 715 427 740 e}
575 715 598 739 ἦε

918 716 941 739 ³}
1090 717 1114 742 &k
1265 716 1289 739 ἐξ

133 773 266 828 igitur
295 772 432 821 orabo,
461 773 512 813 ὑῒ,
541 787 671 813 manu
702 787 770 813 me
802 774 998 814 emittat:
1039 772 1109 813 ibo
1140 778 1271 828 atque
1302 774 1388 814 elo-

248 845 362 884 quar.

247 943 367 998 pueri
389 944 614 984 clamitant

132 1002 179 1041 in
207 1000 305 1041 faba
332 1015 375 1041 se
402 1001 645 1055 repperisse.

247 1057 413 1098 deludis
430 1060 444 1097 ’ἐ

136 1114 237 1156 STR.
286 1115 366 1163 ere,
401 1129 537 1164 mane,
572 1115 767 1169 eloquar:
807 1115 892 1155 iam
925 1115 1129 1158 ausculta.

623 1172 719 1213 STR.
751 1172 916 1226 repperi
938 1172 1075 1220 hodie,

689 1228 765 1269 LY.
809 1229 1013 1270 ubinam?
1075 1229 1172 1270 STR.
1216 1230 1389 1284 quadri-

250 1171 360 1225 ergo,
381 1171 561 1225 loquere.

136 1229 216 1278 ere,
250 1228 421 1269 divitias
454 1229 617 1270 nimias.

1001 887 1100 929 STR.
1151 887 1235 928 n6n
1277 887 1389 942 quod

1359 960 1391 984 10

705 1001 782 1041 LY.
825 1001 967 1041 iamne
999 1008 1154 1050 autem,
1187 1008 1237 1042 ut
1270 1002 1387 1050 sole's,

1190 1115 1267 1157 LY.

1311 1131 1389 1170 age

250 1285 413 1334 librem,
434 1285 621 1339 inquam,
642 1286 783 1326 aulam
807 1286 899 1326 auri
919 1287 1102 1340 plenam.

136 1342 212 1382 LY.
256 1341 368 1396 quod
391 1357 466 1396 ego
494 1342 656 1383 facinus
685 1342 812 1383 audio
840 1357 892 1383 ex
918 1346 991 1384 te?
1052 1344 1149 1385 STR.
1192 1345 1390 1386 Euclioni

248 1398 348 1439 huic
369 1399 459 1439 seni
481 1399 696 1453 subrupui.

137 1456 212 1498 LY.
263 1455 340 1496 {ibi
374 1456 418 1496 id
457 1464 522 1496 est
557 1458 737 1496 aurum?

807 1456 905 1498 STR.
951 1457 995 1498 in
1031 1457 1128 1499 arca
1162 1460 1276 1514 apud
1310 1474 1388 1501 me.

248 1513 364 1553 nl'mc
385 1512 480 1553 volo
502 1527 569 1553 me
591 1514 733 1554 emitti
754 1528 896 1555 manu.
1359 1533 1389 1556 15

135 1668 256 1698 somnis
272 1676 319 1697 me
335 1676 422 1697 mens
443 1668 525 1697 mihi
538 1668 729 1707 familiaris

138 1712 253 1741 visust.

182 1752 253 1783 806.
298 1751 366 1782 For
390 1753 480 1791 ipsus
504 1761 559 1782 see
581 1754 662 1783 note
685 1762 729 1782 on

137 1805 169 1826 v.
189 1794 262 1825 354.

183 1838 256 1868 810.
280 1836 352 1866 The
364 1835 453 1875 right
465 1837 682 1876 explanation
696 1838 731 1868 of

139 1879 210 1910 this
225 1888 368 1918 passage
387 1889 454 1909 was
477 1879 553 1909 first
573 1879 672 1919 given
687 1880 732 1920 by

140 1921 341 1952 Lambinus.
373 1921 564 1952 Gronovius
577 1923 729 1961 explains

141 1965 169 1994 it
185 1974 222 1994 as
237 1964 368 1994 follows
385 1966 393 1980 ‘
404 1974 519 1994 servus
535 1965 732 2003 significans

141 2016 212 2037 non
232 2016 371 2045 parvam
394 2016 466 2037 rem
489 2017 599 2046 neque
621 2008 730 2038 levem

143 2049 332 2088 repperisse
357 2059 401 2087 se,
426 2052 527 2088 negat
552 2050 731 2081 inventum

144 2091 210 2122 sibi
241 2090 331 2121 nihil
364 2092 475 2122 maius
507 2102 610 2131 quam
640 2093 731 2132 quod

143 2133 240 2174 pueri
269 2133 447 2164 clamitant
477 2144 513 2165 se
542 2136 730 2174 repperisse

144 2177 181 2207 in
218 2175 306 2214 faba,
347 2186 470 2216 nempe
507 2178 729 2209 vermiculum

144 2228 246 2259 quem
256 2219 385 2250 Midam
393 2221 515 2250 vocant
527 2233 534 2251 :
550 2230 628 2251 eum
639 2222 729 2252 enim

144 2261 241 2301 pueri
269 2261 307 2291 in
339 2261 427 2292 fabis
457 2272 614 2301 quaerere
645 2264 729 2294 sole-

144 2305 238 2342 bant,
269 2304 393 2344 quique
422 2305 617 2337 inveniebat
651 2306 731 2338 inde

798 1668 948 1699 exultare
979 1678 1017 1699 ac
1047 1670 1138 1700 velut
1175 1669 1390 1709 triumphum

799 1713 917 1749 agere.’
956 1711 1010 1741 He
1025 1721 1198 1751 compares
1217 1713 1312 1744 Cure.
1328 1715 1390 1744 586

799 1755 836 1783 in
853 1755 964 1784 tritico
975 1755 1150 1794 facillume
1167 1757 1219 1786 vel
1235 1756 1388 1795 quinyen-

801 1801 847 1826 tos
878 1798 1083 1828 curculiones
1115 1808 1178 1837 pro
1208 1808 1272 1829 uno
1304 1801 1390 1839 saxo

798 1849 949 1877 reperies.

842 1883 913 1913 811.
943 1882 1058 1921 Comp.
1070 1882 1193 1914 Bacch.
1205 1884 1267 1914 203
1281 1885 1389 1915 iamne

797 1928 835 1954 ut
846 1926 937 1963 soles,
952 1925 1021 1955 and
1030 1925 1132 1957 Poen.
1149 1936 1169 1955 v
1182 1927 1210 1964 7,
1228 1927 1268 1958 39
1281 1927 1390 1958 where

801 1966 945 2006 Spengel
962 1968 988 2006 (ς
1000 1968 1037 1998 T.
1055 1968 1203 1999 Maccius
1223 1969 1389 2008 Plautus‚'

798 2018 829 2047 p.
844 2010 895 2048 16)
908 2009 1013 2049 justly
1023 2010 1217 2042 introduces
1227 2011 1286 2042 the
1297 2022 1390 2043 same

797 2051 931 2090 phrase,
957 2062 993 2083 as
1015 2053 1188 2084 Acidah'us
1211 2054 1280 2084 had
1303 2055 1389 2086 done

797 2094 908 2125 before
931 2095 968 2126 in
989 2095 1087 2126 Truc.
1105 2106 1148 2126 111
1164 2097 1194 2135 2,
1214 2098 1255 2129 27
1274 2097 1389 2137 (=683

841 2180 912 2211 814.
961 2180 1026 2211 For
1042 2180 1101 2211 the
1117 2180 1233 2212 hiatus
1255 2192 1310 2213 see
1332 2183 1388 2213 In-

797 2223 882 2254 trod.
911 2233 943 2262 p.
974 2223 1144 2256 67.-The
1170 2226 1182 2255 i
1206 2225 1243 2255 in
1269 2226 1388 2256 seniis

799 2264 980 2297 shortened
995 2279 1001 2297 :
1027 2276 1080 2297 see
1098 2267 1225 2299 Introd.
1243 2277 1275 2307 p.
1293 2269 1345 2300 23.
