1661 2663
263 512 456 549 METRA
513 511 691 548 HVIVS
744 509 1007 546 FABVLAE
1056 507 1210 544 HAEC
1260 505 1403 543 SVNT

389 661 420 683 v.
438 652 455 681 1
473 650 516 682 ad
533 651 592 682 119
608 650 745 681 iambici
761 649 886 680 senarii

379 725 421 730 —
438 707 499 736 120
515 704 557 736 ad
574 705 633 735 125
650 703 822 734 bacchiaci
838 702 1028 733 tetrametri
1045 700 1223 732 acatalecti

380 778 421 781 —-
438 759 500 790 126
515 757 716 788 bacchiacus
734 756 876 786 dimeter
892 754 1098 785 acatalectus

384 832 424 835 —
442 814 501 845 127
519 812 561 842 ad
579 811 639 841 134
656 809 828 841 bacchiaci
843 808 1032 840 tetrametri
1048 807 1225 839 acatalecti

383 886 424 890 —
442 867 502 897 135
520 865 563 897 ad
580 866 639 898 137
656 863 793 895 iambici
809 862 975 894 octonarii

384 940 421 943 —
441 921 501 951 138
518 918 689 950 trochaica
706 916 852 957 tripodia
868 915 1064 946 catalectico,

381 993 422 997 —<
440 974 500 1005 139
518 971 712 1003 trochaicus
729 970 940 1010 septenarius

381 1046 422 1049 —
440 1026 501 1057 140
518 1024 689 1055 trochaica
705 1022 850 1062 tripodia
866 1021 1059 1053 catalectica

382 1101 422 1104 Α
441 1081 500 1110 141
517 1079 717 1110 bacchiacus
733 1079 929 1108 tetrameter
946 1076 1149 1107 acatalectus.

384 1153 424 1156 —-
444 1133 503 1162 142
520 1132 663 1163 creticus
679 1131 874 1161 tetrameter
890 1129 1093 1160 acatalectus

383 1205 424 1209 —
442 1186 502 1216 143
519 1184 663 1216 iambica
682 1183 828 1223 tripodia
844 1182 1037 1213 catalectica

384 1258 424 1261 —
443 1238 503 1268 144
519 1236 755 1277 anapaesticus
772 1236 915 1266 dimeter
932 1235 1137 1265 acatalectus

384 1312 424 1315 μ-
442 1291 501 1322 145
519 1292 551 1322 et
568 1290 629 1321 146
645 1289 815 1320 bacchiaci
831 1288 1019 1319 tetrametri
1034 1288 1205 1318 acatalecti

390 1364 426 1367 —
445 1344 505 1377 147
524 1343 564 1374 ad
582 1343 643 1374 150
660 1341 867 1381 anapaestici
884 1341 1019 1372 dimetri
1034 1340 1209 1371 acatalecti

384 1419 424 1422 -
443 1400 502 1430 151
520 1397 685 1428 iambicus
699 1396 841 1427 dimeter
857 1395 1059 1426 acatalectus
1076 1393 1307 1424 cumiambica
1320 1392 1464 1432 tripodia

485 1450 680 1481 catalectica

385 1525 427 1529 —-
444 1506 503 1536 152
520 1514 539 1534 A
556 1503 793 1542 anapaesticus
810 1501 954 1532 dimeter
970 1500 1173 1531 acatalectus

386 1578 425 1582 -
444 1559 504 1589 152
521 1567 541 1588 Β
557 1556 701 1587 iambica
716 1554 862 1595 tripodia
879 1554 1073 1585 catalectica

384 1631 426 1635 -
443 1612 502 1641 153
519 1609 684 1641 iambicus
702 1608 843 1638 dimeter
859 1606 1060 1637 acatalectus
1072 1615 1148 1636 cum
1166 1605 1309 1636 iambica
1320 1603 1463 1644 tripodia

487 1662 680 1694 catalectica

389 1738 430 1742 —-
447 1717 507 1749 154
524 1726 543 1747 Α
559 1715 794 1754 anapaesticus
812 1714 954 1744 dimeter
971 1714 1177 1744 acatalectus

388 1791 429 1794 —
447 1771 509 1801 154
524 1779 544 1800 B
561 1768 704 1799 iambica
720 1766 908 1806 teti-apodia
925 1766 1118 1797 catalectica

387 1844 429 1848 ⁴
445 1824 504 1854 155
523 1822 565 1853 ad
582 1823 641 1853 157
659 1821 823 1851 iambicus
840 1820 982 1851 dimeter
997 1820 1200 1851 acatalectus
1223 1828 1299 1849 cum
1324 1818 1467 1849 iambica

487 1876 633 1916 tripodia
650 1875 844 1906 catalectica

387 1952 428 1955 —
445 1932 505 1963 159
523 1930 565 1962 ad
582 1932 643 1962 277
660 1928 823 1960 trochaici
839 1928 1020 1967 septenarii

389 2005 427 2009 ——
445 1987 507 2018 278
524 1985 566 2016 ad
582 1985 643 2015 402
658 1982 795 2014 iambici
812 1982 937 2012 senarii

389 2059 429 2064 —-
444 2041 505 2070 403
524 2038 566 2070 ad
581 2038 643 2070 407
661 2036 821 2067 trochaici
837 2035 1000 2066 octonarii

392 2112 428 2115 ⁴
445 2093 506 2123 408
525 2091 567 2122 ad
583 2091 643 2120 411
661 2089 798 2120 iambici
814 2088 980 2119 octonarii

388 2166 429 2170 --
444 2146 506 2176 412
527 2144 570 2176 ad
591 2144 653 2174 442
678 2143 812 2174 iambici
835 2142 969 2172 dimetri
1004 2142 1175 2172 acatalecti
1209 2150 1284 2171 cum
1318 2139 1468 2171 iambicis

489 2198 646 2238 tripodiis
662 2197 867 2228 catalecticis

390 2275 432 2278 ——
449 2256 509 2285 443
526 2263 644 2285 versus
660 2254 848 2291 corruptus,
866 2254 904 2282 ut
922 2251 1054 2282 videtur

391 2328 431 2332 -
448 2307 510 2336 444
527 2306 570 2337 ad
587 2306 650 2337 470
666 2304 828 2335 trochaici
845 2304 1028 2343 septenarii
