1661 2663
250 178 331 219 166
736 188 1008 219 AVLVLARIA.
1049 178 1138 232 [IV.
1156 181 1288 222 10.7·2
1309 195 1318 230 3
1343 178 1390 221 V.
1410 182 1444 221 1.
1461 182 1498 221 4.
1632 0 1661 217 ἲ

147 286 228 332 '795
249 282 318 322 ibo
341 281 461 331 intro,
485 286 533 322 ut
563 281 665 336 quid
694 281 820 322 huius
847 297 993 323 verum
1023 283 1078 323 sit
1107 283 1246 325 sciam.
1653 241 1661 330 ³3

362 339 406 379 te'
428 353 588 393 sequor.

249 396 352 436 haec
393 395 698 450 propemodum
749 395 835 436 iam
876 410 965 436 esse
1012 397 1058 436 in
1097 397 1204 438 vado
1245 397 1393 438 salutis
1433 412 1500 438 res

1306 283 1383 325 LY.
1414 284 1500 324 iam

365 453 544 493 videtur.

250 523 363 550 nunc
384 511 548 550 servom
576 524 665 551 esse
696 509 767 550 ubi
797 510 937 551 dicam
965 525 1108 551 meum
1139 511 1384 561 Strobilum,
1416 526 1503 552 non

365 567 536 620 reperio.

252 624 334 665 nisi
376 625 506 664 e'tiam
546 624 614 664 hic
655 624 850 678 opperiar
896 630 1041 665 tamen
1087 626 1312 680 paulisper,
1357 631 1504 680 postea

365 682 477 721 intro
1471 696 1503 724 75

253 738 365 779 hunc
400 738 641 792 subsequar.
679 753 792 778 nunc
816 738 988 779 interim
1014 739 1198 793 spatium
1230 740 1269 780 ei
1297 738 1405 780 dabo
1433 754 1503 780 ex-

368 795 564 850 quirendi

150 859 233 898 800
259 867 402 893 meum
423 853 583 893 factum
607 866 658 892 ex
685 857 840 906 gnatae
868 851 1098 907 pedisequa
1121 854 1285 894 nutrice
1313 868 1422 894 anu:
1456 868 1505 894 ea

367 924 455 950 rem
477 909 605 951 novit.

587 1068 846 1109 STROBJLVS.
898 1067 1166 1110 LYCONIDES.
1408 1068 1457 1111 V.
1481 1070 1503 1109 1

254 1157 354 1198 STR.
396 1156 439 1197 di
472 1157 728 1207 inmortales,
767 1157 920 1211 quibus
955 1164 997 1198 et
1033 1158 1202 1212 quantis
1239 1157 1308 1198 me
1341 1157 1506 1198 donatis

367 1214 543 1268 gaudiis.

253 1271 555 1325 quadrilibrem
577 1271 718 1311 aulam
740 1272 936 1312 onustam
959 1286 1060 1313 auro
1081 1272 1238 1312 habeo:
1272 1272 1366 1326 quis
1397 1277 1505 1312 mest

369 1328 584 1369 hominum
606 1329 734 1368 ditior
749 1331 763 1368 ’ἐ

255 1387 349 1440 quis
370 1400 438 1426 me
460 1386 644 1426 Athenis
664 1387 777 1425 nunc
799 1385 932 1439 magis
961 1386 1227 1440 quisquamst
1254 1385 1380 1425 homo
1409 1385 1507 1439 quoi

369 1443 411 1483 di
434 1443 520 1483 sint
541 1442 745 1496 propitii?

255 1501 330 1541 LY.
372 1500 485 1540 certo
516 1500 629 1540 enim
662 1514 738 1553 ego
769 1514 912 1539 vocem
949 1499 1016 1540 hio
1046 1499 1259 1554 loquentis
1291 1498 1415 1539 modo
1445 1498 1509 1539 mi

371 1556 518 1597 audire
541 1557 654 1597 visus
676 1571 778 1597 sum.
841 1557 938 1597 STR.
970 1556 1078 1605 hem,

299 1692 371 1726 795.
407 1690 473 1721 For
485 1690 543 1721 the
557 1689 752 1728 expression
766 1690 847 1728 quid

258 1736 354 1766 huius
370 1735 415 1765 sit
432 1743 486 1764 see
500 1733 572 1764 Ter.
591 1733 680 1764 Eun.
697 1741 731 1762 Ν
746 1734 777 1768 3,
796 1733 846 1762 lo.

258 1788 291 1808 lv
316 1779 346 1814 7,
373 1777 423 1807 34.
470 1777 576 1807 Haut.
601 1775 675 1807 tim.
704 1784 732 1805 11
757 1776 787 1811 2,
816 1776 846 1805 8.

257 1830 290 1851 1v
306 1820 336 1859 4,
356 1820 406 1851 21.

302 1863 372 1895 796.
421 1863 458 1892 in
481 1862 566 1892 vado
582 1862 702 1891 salutis
723 1859 774 1890 ‘in
790 1859 848 1890 ‘the

257 1906 369 1936 haven
394 1904 428 1935 of
454 1904 584 1943 safety?
630 1904 745 1942 Comp.
774 1902 847 1932 Ter.

258 1948 361 1979 Andr.
381 1958 402 1978 v
418 1948 447 1986 2,
467 1947 488 1976 4
510 1948 612 1977 omnis
635 1956 685 1976 res
710 1951 757 1976 est
782 1947 849 1975 iam

259 1993 295 2022 in
310 1992 405 2027 vado,
427 2000 471 2020 on
488 1989 597 2019 which
620 1998 761 2027 passage
783 1989 848 2018 Do-

259 2035 361 2064 natus
378 2033 532 2063 observes
556 2031 796 2071 ‘proverbiale‚
814 2032 849 2061 in

258 2078 355 2116 vado,
396 2075 434 2106 in
468 2076 554 2111 tuto,
587 2074 624 2104 in
655 2074 847 2104 securitate.

258 2129 339 2150 nam
354 2120 393 2149 ut
412 2118 450 2148 in
471 2116 638 2156 profundo
662 2116 849 2155 periculum

260 2164 320 2200 est,
340 2161 388 2192 ita
405 2161 441 2191 'm
457 2159 543 2191 vado
561 2159 723 2190 securitas
740 2159 813 2189 est.’

302 2205 373 2236 801.
407 2203 479 2234 The
494 2202 616 2242 phrase
632 2203 754 2232 donare
769 2211 849 2240 yan-

260 2248 327 2278 diz's
344 2246 407 2277 has
424 2246 470 2277 its
485 2244 645 2284 parallels
660 2243 698 2275 in
713 2243 773 2274 the
796 2253 848 2274 ex-

261 2290 434 2328 pressions
448 2290 569 2319 donare
580 2289 687 2318 salute
701 2286 850 2326 (Tibull.)

261 2332 328 2364 and
344 2333 466 2363 donare
484 2331 658 2362 honoribus
675 2329 798 2368 (Stat.).

962 1689 1034 1719 802.
1080 1688 1146 1719 For
1177 1688 1236 1719 the
1266 1687 1510 1728 transposition

919 1736 1070 1762 onustam
1098 1742 1181 1762 auro
1212 1741 1320 1770 comp.
1353 1732 1414 1762 603
1442 1730 1511 1762 and

962 1818 1034 1847 803.
1080 1816 1127 1847 As
1143 1817 1194 1847 far
1215 1826 1252 1848 as
1275 1816 1334 1847 the
1355 1816 1510 1855 pleonas-

919 1860 965 1890 tic
996 1860 1227 1890 construction
1253 1859 1282 1889 is
1310 1858 1506 1895 conoerned,

920 1903 1000 1932 Brix
1015 1902 1120 1942 justly
1136 1911 1311 1941 compares
1328 1901 1427 1932 Most.
1447 1900 1510 1931 256

920 1946 998 1981 vah,
1016 1947 1097 1984 quid
1120 1946 1183 1976 illa
1202 1949 1278 1984 pote
1297 1946 1393 1983 peius
1417 1945 1509 1982 quic-

921 1998 1020 2027 quam
1044 1989 1178 2018 muliere
1204 1988 1437 2017 memorarier?
1473 1995 1510 2016 as

922 2030 979 2060 the
995 2030 1064 2060 line
1080 2029 1202 2060 should
1218 2030 1258 2060 be
1273 2029 1355 2060 read
1377 2027 1511 2059 accord-

922 2073 980 2112 ing
996 2075 1031 2103 to
1046 2072 1105 2103 the
1120 2082 1201 2104 mss.

965 2115 1038 2146 804.
1085 2115 1201 2154 Conip.
1220 2113 1293 2144 Ter.
1309 2114 1397 2145 Eun.
1419 2122 1462 2143 111
1478 2113 1508 2151 2,

924 2158 941 2188 1
963 2158 1079 2188 andire
1101 2168 1209 2188 rocem
1232 2159 1305 2187 visa
1327 2166 1399 2187 sum
1420 2157 1511 2187 modo

922 2202 1052 2231 militis.
1097 2201 1206 2231 Plaut.
1226 2200 1304 2230 Cist.
1325 2208 1353 2229 11
1369 2200 1398 2237 3,
1419 2198 1438 2228 1
1454 2208 1514 2228 au-

924 2244 995 2274 dire
1010 2253 1118 2274 vocem
1139 2244 1214 2274 visa
1229 2252 1299 2272 sum
1321 2246 1396 2272 ante
1419 2241 1513 2272 aedis

926 2287 1027 2316 modo.
1083 2286 1150 2316 For
1186 2285 1244 2316 the
1281 2283 1512 2315 construction

926 2338 1034 2367 comp.
1064 2328 1137 2359 Mil.
1163 2328 1206 2366 gl.
1233 2327 1295 2359 389
1319 2335 1454 2365 arguere
1476 2326 1513 2356 in
