1661 2663
641 128 907 158 AVLVLAmA.
1313 119 1387 161 171

310 244 352 249 —
367 224 429 257 471
447 223 490 255 ad
505 224 567 257 578
583 223 723 255 iambici
738 222 864 255 senarii

311 297 350 302 —-
366 278 428 311 579
445 276 489 308 ad
506 277 567 309 652
583 276 748 308 trochaici
764 276 948 316 septenarii

310 350 350 353 —
367 329 428 361 653
445 328 488 360 ad
504 329 566 362 704
581 328 718 360 iambici
734 329 862 360 senarii

309 402 352 407 —-
367 383 428 415 705
446 382 489 413 ad
505 382 568 415 714
583 381 791 421 anapaestici
806 382 970 413 octonarii

308 455 352 460 ———
368 436 428 468 715
444 444 561 466 versus
577 436 763 475 corruptus,
782 437 821 466 ut
836 434 970 466 videtur

310 511 352 515 —-
368 491 429 522 716
446 490 489 522 ad
505 490 566 523 718
582 489 790 529 anapaestici
806 489 970 521 octonarii

309 565 352 569 ——
367 547 428 578 719
445 544 680 584 anapaesticus
697 544 839 575 dimeter
855 544 1070 576 catalecticus

310 618 353 622 —-
368 599 430 631 720
447 597 489 629 ad
505 598 566 630 722
582 596 745 628 trochaici
760 597 923 628 octonarii

310 672 352 676 —
368 653 428 684 723
445 651 488 683 ad
504 651 564 684 795
581 650 743 682 trochaici
759 650 941 690 septenarii

310 725 353 729 —-
369 705 430 738 796
447 705 489 736 ad
505 706 568 736 800
582 704 719 736 iambici
734 704 920 744 septenarii

309 779 350 783 —-
367 759 429 790 801
446 758 488 790 ad
503 759 566 790 804
582 758 743 790 trochaici
759 758 943 797 septenarii

309 831 352 835 —
367 812 428 843 805
439 821 461 842 A
475 814 508 842 et
525 812 585 843 805
598 821 619 842 B
635 811 825 842 trochaicae
840 810 1051 850 tetrapodiae
1067 811 1279 842 catalecticae

310 884 353 888 —
368 864 429 896 806
445 863 487 895 ad
502 864 564 895 810
580 863 743 894 trochaici
758 864 942 903 septenarii

311 938 352 942 -
368 919 429 948 811
447 917 489 949 ad
504 918 567 949 814
581 918 743 949 trochaici
759 918 925 948 octonarii

310 993 351 996 —
367 973 428 1004 815
445 971 637 1004 trochaicus
654 973 865 1011 septenarius

309 1045 351 1049 —
367 1025 429 1057 816
446 1024 489 1056 ad
505 1025 566 1057 817
582 1024 772 1056 trochaicae
787 1025 995 1065 tetrapodiae
1010 1026 1224 1057 catalecticae

315 1095 354 1099 —
371 1076 433 1106 818
449 1074 491 1105 ad
507 1075 568 1106 821
586 1074 748 1105 trochaici
763 1074 927 1106 octonarii

312 1148 353 1152 —
369 1130 430 1159 822
446 1138 467 1159 A
481 1137 598 1159 versus
613 1128 803 1159 trochaicus
819 1129 961 1160 mutilus

311 1202 352 1205 —
369 1181 430 1212 822
448 1190 468 1211 Β
484 1180 675 1211 trochaicus
692 1181 903 1221 septenarius

312 1255 352 1259 —
368 1236 430 1266 823
445 1245 562 1266 versus
578 1235 770 1267 trochaicus
785 1236 929 1267 mutilus

310 1310 351 1314 —
367 1290 430 1322 824
444 1300 561 1322 versus
576 1290 741 1322 iambicus
758 1291 898 1322 mutilus

311 1364 351 1367 —
367 1344 428 1375 825
445 1343 634 1375 trochaicus
652 1343 861 1384 septenarius

309 1418 350 1421 —
365 1398 427 1429 826
443 1399 502 1428 aut
517 1397 681 1428 iambicus
699 1398 852 1428 senarius
865 1399 923 1429 aut
940 1400 1069 1438 (versus
1086 1398 1183 1428 initio
1200 1397 1386 1438 deperdito)

409 1451 597 1483 trochaicus
621 1450 833 1492 septenarius

310 1525 349 1528 —
367 1506 428 1537 827
443 1504 608 1536 iambicus
626 1504 779 1536 senarius
