1661 2663
277 197 358 236 160

760 206 1028 238 AVLVLARIA.

1181 196 1255 250 [iv.
1280 199 1346 238 10.
1370 197 1517 240 9-17.

276 301 319 342 id
356 301 459 342 adeo
494 307 538 343 te
579 301 746 342 oratum
786 302 975 352 advenio,
1015 307 1065 342 ut
1105 301 1247 343 {inimo
1282 317 1417 356 aequo
1458 303 1519 356 ig-

388 359 534 399 noscas
553 358 669 399 mihi.

275 415 353 456 EV.
395 416 469 456 εἴη
488 416 531 455 id
555 415 692 456 ausu’s
713 414 859 464 faeere,
887 420 937 455 ut
964 415 1007 455 id
1032 415 1143 470 quod
1164 415 1249 456 non
1270 421 1389 456 tuom
1411 421 1519 456 esset

387 472 582 526 tangeres
596 475 611 513 2

1488 487 1519 511 10

275 528 353 569 LY.
395 529 497 583 quid
527 529 590 569 vis
624 529 746 570 fieri?
788 529 991 569 factumst
1019 528 1149 569 illud:
1188 529 1281 569 fieri
1313 528 1518 569 infectum

387 586 473 626 non
493 592 641 640 potest.

174 637 254 681 735
276 641 374 683 deos
396 643 516 683 credo
537 643 724 683 voluisse.
757 657 856 682 narn
877 642 922 682 ni
943 642 1115 690 vellent,
1138 657 1222 682 non
1243 642 1373 691 fieret,
1397 641 1490 682 scio.

275 699 353 740 EV.
394 699 441 740 eit
473 714 548 754 ego
581 700 680 740 deos
707 699 830 740 credo
858 699 1047 747 voluisse,
1077 704 1127 739 ut
1154 699 1268 753 {rpud
1301 713 1369 739 me
1397 705 1440 738 te
1474 698 1518 738 in

389 771 518 796 nervo
541 756 713 797 enicem.

276 813 351 855 LY.
397 814 452 854 ne
480 813 589 853 istuc
617 813 735 853 dixis.

389 870 522 910 invito
543 870 714 910 tactiost
731 873 745 910 2

276 927 353 967 LY.

388 984 691 1031 audaeissume,

796 812 877 853 Ev.

398 928 499 981 quia
529 927 618 967 vini
650 926 753 966 vitio
784 926 914 979 aitque
945 925 1096 966 amoris
1124 925 1215 966 feei.

922 812 1024 866 quid
1050 812 1131 853 tibi
1160 827 1256 867 ergo
1283 811 1424 852 mezim
1450 826 1518 851 me

1274 925 1353 966 EV.
1394 925 1518 965 homo

1487 997 1518 1020 15

275 1055 371 1080 cum
406 1041 557 1081 istacin
595 1046 639 1081 te
675 1039 863 1080 oratione
900 1039 981 1079 huc
1015 1039 1069 1080 §.d
1105 1054 1172 1079 me
1204 1039 1319 1079 adire
1355 1053 1517 1086 ausum,

388 1097 621 1151 impudens.

274 1284 484 1313 commeritum
499 1280 646 1321 justifies
662 1280 772 1310 Brix's
793 1290 861 1311 cor-

273 1326 401 1356 rection
418 1325 451 1355 of
466 1334 496 1354 v.
512 1326 585 1356 728.
632 1324 750 1362 Comp.
765 1323 860 1362 Capt.

275 1377 302 1398 11
325 1370 355 1406 3,
379 1369 420 1398 43
445 1368 588 1407 (=400).
636 1366 709 1397 Ter.
727 1365 860 1396 Phorm.

274 1420 287 1441 1
304 1412 333 1448 4,
354 1411 404 1442 29.

317 1455 387 1486 733.
450 1458 582 1491 ταηῃανε
621 1451 650 1481 is
686 1460 766 1489 very
798 1451 861 1480 fre-

275 1496 414 1534 quently
440 1495 524 1525 used
549 1495 586 1524 in
615 1493 674 1524 the
707 1503 804 1523 sense
828 1493 862 1523 of

274 1548 474 1577 corrumpere
505 1538 623 1577 filiam,
665 1546 692 1567 e.
706 1545 736 1574 g.
775 1536 856 1566 Hor.

276 1581 380 1612 Serm.
402 1590 415 1610 1
433 1582 461 1619 2,
481 1581 522 1611 54
538 1585 722 1610 matronam
736 1580 864 1608 nullam.

276 1634 331 1662 eqo
345 1629 452 1661 tanqu.
493 1622 586 1652 Thus
598 1631 645 1651 we
658 1621 742 1651 have
760 1622 862 1651 tactio

274 1676 302 1696 v.
317 1668 376 1699 737
388 1665 469 1696 with
480 1665 538 1695 the
555 1674 646 1694 same
663 1663 860 1702 ambiguity.

276 1709 392 1747 Comp.
407 1718 426 1738 a
438 1708 568 1737 similar
583 1715 723 1745 passage
740 1705 859 1736 Pseud.

276 1752 337 1782 120
353 1750 420 1781 and
437 1751 497 1780 121
521 1749 587 1780 and
610 1748 668 1779 the
691 1748 861 1786 examples

275 1794 372 1831 given
406 1793 450 1832 by
478 1790 677 1822 Westerhov
706 1800 751 1821 on
789 1790 861 1821 Ter.

274 1837 363 1867 Eun.
385 1845 412 1865 11
429 1837 458 1873 3,
479 1835 530 1865 81.

318 1879 390 1912 734.
437 1879 569 1918 factum
599 1877 757 1915 infectum
781 1876 861 1915 fieri

274 1931 339 1952 non
366 1925 475 1961 potest
510 1919 539 1949 is
571 1929 590 1949 a
627 1918 791 1957 principle
828 1918 863 1947 of

274 1973 430 1994 common
449 1971 555 2000 sense,
576 1961 643 1991 and.
664 1970 731 1991 was
754 1960 861 1990 there-

274 2006 346 2037 fore
369 2004 520 2036 received
541 2013 664 2042 among
687 2003 745 2033 the
769 2012 861 2033 max-

274 2049 341 2080 ims
354 2049 387 2079 of
398 2048 530 2078 Roman
542 2047 614 2076 law.
651 2046 766 2084 Comp.
782 2045 861 2084 Try-

274 2091 423 2131 phonius
438 2090 459 2121 1.
478 2090 517 2119 12
536 2091 552 2127 ἓ
571 2091 588 2119 2
602 2089 642 2118 D.
662 2088 702 2118 de
719 2087 860 2126 captivis

276 2135 339 2172 (49,
365 2135 418 2174 15)
445 2133 535 2173 facti
566 2140 683 2162 causae
713 2131 860 2169 infactae

274 2177 370 2207 nulla
380 2175 611 2207 consectatione
619 2174 699 2213 fieri
710 2177 859 2212 possunt.

275 2218 482 2257 Pomponius
504 2217 525 2248 1.
549 2217 567 2246 2
588 2216 629 2246 D.
652 2214 692 2245 de
713 2214 854 2246 rescind.

275 2261 374 2291 vend.
402 2259 466 2302 (18,
494 2259 527 2300 5)
559 2261 678 2298 potest,
704 2258 780 2287 dum
809 2267 860 2287 res

275 2305 404 2342 integra
430 2306 486 2338 est,
511 2301 723 2333 conventione
747 2304 860 2329 nostra

275 2346 400 2386 insecta
407 2346 486 2386 fieri
499 2345 619 2375 emtio..
628 2342 860 2383 ‚postpretium

173 1151 256 1194 740
274 1153 375 1194 nam
396 1155 430 1194 si
451 1156 559 1195 istuc
580 1154 645 1194 ius
666 1154 735 1202 sit,
757 1158 806 1193 ut
827 1158 875 1193 tu
897 1152 1004 1193 istuc
1024 1152 1221 1193 excusare
1243 1151 1412 1207 possies‚

928 1282 1069 1311 solutum
1092 1281 1249 1321 infectam
1274 1281 1443 1311 emtionem
1459 1280 1517 1320 sa-

929 1334 998 1354 eere
1022 1334 1086 1354 ηοη
1108 1333 1287 1363 possumus.
1344 1323 1405 1353 We
1431 1322 1518 1352 have

928 1366 986 1396 the
1011 1375 1103 1396 same
1128 1365 1250 1404 phrase
1278 1365 1352 1395 Ter.
1379 1364 1514 1395 Phorm.

928 1418 950 1438 v
968 1409 997 1446 9,
1021 1409 1061 1438 44
1083 1419 1109 1439 s.
1135 1407 1202 1439 and
1225 1408 1333 1439 Plaut.
1363 1407 1459 1438 Truc.
1480 1417 1516 1438 1v

931 1453 959 1489 2,
982 1452 1031 1482 17.

973 1494 1044 1526 736.

929 1535 1075 1566 ferreum
1104 1535 1278 1565 vinculum
1314 1544 1380 1573 quo
1416 1534 1518 1573 pedes

929 1578 1184 1617 impediuntur)
1217 1579 1344 1608 Festus.
1401 1577 1515 1615 Comp.

930 1621 1024 1651 Cure.
1043 1631 1063 1650 v
1079 1622 1108 1658 3,
1130 1621 1180 1650 11.
1223 1619 1294 1650 The
1311 1619 1518 1649 instrument

929 1672 995 1693 was
1026 1663 1128 1693 about
1160 1662 1218 1692 the
1257 1671 1349 1692 same
1386 1671 1423 1692 as
1459 1661 1518 1692 the

933 1705 1088 1735 ‘stocks'
1122 1705 1280 1744 formerly
1309 1705 1346 1734 in
1383 1713 1443 1734 use
1479 1704 1517 1734 in

928 1747 1095 1786 England.

973 1792 1045 1823 738.
1092 1790 1205 1829 Comp.
1234 1789 1307 1820 Ter.
1332 1788 1393 1821 Ad.
1419 1797 1462 1819 111
1484 1789 1516 1825 4,

929 1833 970 1863 24
995 1834 1165 1872 persuasit
1190 1843 1255 1862 nox
1283 1842 1372 1862 amor
1403 1833 1516 1862 vinum

929 1876 1162 1913 adulescentia,
1186 1874 1296 1905 where
1319 1873 1517 1904 Westerhov

929 1920 1047 1956 quotes
1064 1917 1159 1956 Ovid,
1179 1918 1292 1947 Amor.
1311 1926 1323 1946 1
1340 1917 1369 1955 6,
1389 1917 1430 1948 59
1451 1926 1516 1947 ‘nox

929 1965 959 1991 et
976 1971 1065 1991 amor
1079 1962 1255 1999 vinumque
1271 1960 1360 1989 nihil
1371 1959 1515 1989 modera-

929 2004 993 2033 bile
1008 2003 1156 2033 suadent.
1208 2003 1268 2034 See
1285 2003 1357 2034 788.

972 2046 1044 2078 740.
1101 2045 1266 2083 Compare
1298 2044 1400 2074 Mero.
1430 2052 1453 2073 v
1481 2043 1512 2080 4,

928 2088 969 2117 24
997 2097 1022 2118 S.
1051 2088 1165 2127 (=985
1193 2087 1246 2125 R.)
1270 2096 1348 2116 rnam
1373 2087 1403 2116 si
1430 2087 1515 2116 istuc

927 2132 979 2160 ius
1002 2131 1056 2168 sit,
1082 2134 1213 2160 senecta
1239 2133 1347 2159 aetate
1375 2129 1516 2158 scortari

921 2177 1047 2212 patres,
1071 2173 1131 2202 Vbi
1150 2173 1212 2202 loci
1234 2172 1297 2201 siet
1318 2180 1369 2201 ‘res
1392 2180 1516 2200 summa

921 2216 1061 2254 puplica
1074 2217 1086 2245 .²
1101 2214 1212 2244 where
1227 2213 1272 2244 all
1285 2212 1342 2243 the
1356 2222 1436 2243 mss.
1449 2211 1516 2243 and

926 2256 982 2287 old
995 2256 1140 2287 editions
1152 2256 1225 2295 give
1237 2260 1293 2295 est,
1309 2255 1370 2285 but
1383 2253 1516 2285 Ritschl

925 2298 1031 2339 justly
1046 2298 1157 2330 writes
1175 2299 1230 2329 sit.

1101 1494 1110 1509 ‘
1120 1493 1269 1523 Nervum
1307 1491 1518 1531 adpellamus
