1661 2663
127 148 202 190 IV.
227 151 288 189 10.
313 150 510 202 39-16]

613 159 866 189 AVLVLARIA
875 183 882 190 .

1297 151 1377 189 163

129 252 207 296 LY.
246 253 373 294 senus
402 259 451 295 tu
482 269 566 295 non
597 255 640 295 es
671 253 745 308 qui
774 253 911 293 furem
941 253 1010 292 me
1039 266 1169 292 voces.
1216 265 1293 305 ego
1322 259 1375 299 te,

242 310 404 362 Esmno,

129 367 183 408 de
203 367 286 407 alia
305 383 349 408 re
370 368 585 409 rescivisse
607 368 760 416 censui,
784 366 895 422 quod
917 365 969 406 ad
992 380 1059 405 me
1080 364 1253 405 §attinet
1343 379 1378 403 40

128 425 270 465 ndmst
290 439 366 473 res,
390 439 518 480 quam
539 440 615 480 ego
635 431 778 466 tecum
800 424 942 473 otiose,
973 423 1007 463 si
1029 422 1218 471 otiumst,
1248 421 1375 475 cupio

241 481 368 535 loqui.

243 595 319 636 LY.
360 597 478 637 bona.

130 653 209 694 EV.
250 653 388 707 neque
413 654 492 694 scis
520 653 614 707 quis
642 653 689 694 id
716 652 966 693 abstulerit?

523 711 600 751 EV.
631 711 753 764 atqui
773 712 808 751 si
828 711 941 758 scies,

129 767 224 821 quis
244 765 292 807 id
316 767 548 816 abstulerit,
582 767 641 807 mi
673 767 906 808 indicabis?

243 724 325 764 que
346 710 465 752 bona.

242 838 379 878 neque
399 825 564 878 partem
586 824 666 864 tibi

27 534 109 577 765
129 538 209 580 EV.
261 539 327 578 dic
358 540 468 580 bona
499 539 593 588 fide,
626 545 675 580 tu
708 538 751 579 id
783 553 934 579 aurum
966 537 1051 578 non
1085 536 1376 590 subrupuisti?

1026 651 1103 692 LY.
1143 650 1252 691 istuc
1273 649 1376 705 quo-

966 766 1043 806 LY.
1075 765 1236 806 faciam.
1296 764 1376 805 EV.

127 881 182 921 §.b
223 895 270 921 eo
310 881 411 935 quoi
446 882 501 922 sit
536 881 774 936 indipisces,
816 895 954 935 neque
989 881 1127 920 furem
1164 878 1376 934 excipies?

239 937 319 979 LY.
350 938 419 980 ita.

1345 952 1377 975 45

127 994 205 1035 EV.
246 994 344 1048 qaid
373 995 411 1036 si
439 995 579 1036 fallis?
638 996 715 1037 LY.
757 995 852 1036 tum
883 1009 951 1035 me
983 994 1110 1034 faciat
1142 993 1257 1048 quod
1289 993 1376 1033 volt

241 1066 420 1105 magnus
442 1053 647 1106 Iuppiter.

171 1188 242 1221 763.
291 1188 357 1218 For
372 1187 431 1219 the
453 1188 567 1219 hiatus
591 1190 630 1220 de*
653 1200 717 1220 a—

128 1239 182 1261 see
198 1230 328 1261 Introd.
345 1241 378 1270 p.
395 1231 446 1263 69.

169 1274 214 1303 ib.
260 1275 346 1312 quod
373 1273 495 1304 should
519 1275 579 1304 not
604 1274 645 1305 be
670 1274 715 1305 al-

127 1315 230 1354 tered,
251 1316 380 1355 though
402 1316 460 1347 the
483 1318 716 1347 construction

126 1358 156 1388 is
183 1359 368 1389 somewhat
391 1359 482 1390 loose
505 1360 572 1390 and
594 1362 655 1389 not
678 1360 715 1390 in

127 1400 329 1431 accordanoe
366 1402 447 1432 with
479 1402 574 1432 strict
605 1412 713 1441 gram-

125 1453 209 1474 mar.
257 1443 372 1483 Comp.
406 1444 528 1483 Amph.
556 1454 584 1475 11
614 1446 645 1481 3,
675 1446 713 1475 11

126 1488 182 1525 eye
203 1496 270 1517 rem
290 1488 439 1518 divinam
461 1489 550 1518 intus
568 1488 708 1528 jaciam,

125 1533 202 1559 vota
218 1539 301 1569 quae
322 1534 406 1561 sunt.
457 1530 545 1561 Men.
567 1532 628 1561 120
652 1541 714 1561 om-

125 1581 197 1602 nem
212 1581 288 1610 rem,
308 1574 467 1611 quiequid
484 1575 544 1611 ιῃί.

170 1615 241 1646 765.
299 1615 391 1645 Hare
415 1624 588 1654 compares
615 1615 710 1654 Capt.

126 1666 161 1687 Π
183 1658 212 1696 2,
234 1657 295 1687 110
319 1658 371 1688 dic
394 1659 499 1688 bonan
514 1659 585 1697 fide
609 1662 645 1688 tu
667 1660 711 1688 mi

125 1700 226 1730 istaec
256 1701 355 1730 verba
386 1701 527 1730 dimisti?
549 1712 556 1732 ε
581 1710 588 1730 :
618 1702 711 1731 bona.

125 1741 169 1772 In
204 1741 263 1772 the
293 1744 429 1781 present
458 1752 599 1782 passage
630 1745 713 1774 bona

125 1794 243 1814 means
262 1785 270 1800 ‘
279 1784 298 1814 I
310 1785 368 1815 tell
380 1794 446 1824 you
459 1787 533 1815 true
546 1785 620 1816 that
630 1795 713 1824 your

125 1827 280 1866 question
302 1827 412 1857 would
435 1828 507 1858 also
528 1828 568 1858 be
583 1838 641 1867 my
657 1838 713 1859 an-

126 1879 208 1900 swer
220 1869 227 1883 ³
238 1885 266 1896 =
277 1871 358 1900 bona
366 1871 435 1910 fide
449 1872 521 1901 dieo
534 1881 581 1901 me
598 1881 715 1902 aurum

124 1921 189 1943 non
225 1912 454 1952 subrupuisse.'
501 1912 617 1952 Comp.
656 1913 713 1944 the

125 1956 206 1984 next
221 1955 290 1985 line
305 1955 415 1986 where
437 1965 484 1986 we
509 1955 631 1986 should
653 1966 714 1986 un-

125 1996 287 2028 derstand
298 1999 382 2029 istuc
394 2008 518 2038 quoque
530 2000 613 2030 bona
631 1999 713 2039 (fide

125 2040 199 2070 dico
214 2050 262 2071 me
278 2042 424 2075 nescire).

169 2083 240 2116 768.
288 2082 359 2113 The
375 2083 483 2114 active
498 2084 585 2114 form
601 2084 636 2114 of
656 2083 714 2114 the

124 2124 204 2154 verb
219 2126 398 2164 indipisces
415 2135 530 2156 occurs
546 2127 624 2157 here
646 2126 713 2157 and

125 2167 218 2199 Asin.
249 2177 277 2197 11
308 2169 339 2205 2,
370 2169 420 2204 13,
454 2169 513 2199 the
543 2169 711 2208 deponent

127 2209 217 2240 Trin.
237 2210 309 2241 224.
342 2211 429 2242 Rud.
448 2221 469 2242 v
484 2212 515 2247 2,
532 2213 584 2242 28.
611 2212 710 2251 Epid.

125 2261 168 2282 111
180 2252 211 2290 4,
225 2253 281 2284 15:
306 2263 361 2284 see
376 2254 458 2286 Brix
473 2264 518 2285 on
531 2254 622 2286 Trin.
636 2256 710 2285 224.

124 2294 167 2326 In
193 2295 279 2326 later
307 2296 437 2328 writers
468 2306 516 2328 we
543 2298 714 2337 generally

785 1188 856 1218 find
877 1189 1056 1227 acZIpis-cor,
1079 1185 1211 1224 though
1236 1187 1376 1225 indipis-

786 1241 839 1262 σον
862 1241 978 1261 occurs
1001 1231 1039 1260 in
1062 1229 1248 1267 Lueretius,
1275 1229 1372 1268 Livy,

785 1274 914 1305 Gellius
938 1273 1005 1304 and
1024 1272 1376 1311 Appuleius—furem

785 1318 929 1356 excipere
941 1317 1001 1356 =f.
1028 1317 1181 1355 recipere.
1245 1314 1374 1344 Grono-

784 1360 859 1389 vius
876 1368 1048 1398 compares
1066 1358 1133 1388 Cic.
1153 1357 1192 1387 de
1208 1357 1290 1396 imp.
1312 1356 1373 1386 Cn.

784 1402 900 1440 Pomp.
920 1403 950 1437 9,
974 1402 1013 1431 23
1040 1402 1123 1431 hunc
1148 1402 1184 1430 in
1206 1401 1270 1430 ill-a
1287 1400 1374 1439 fuya

786 1446 947 1483 Tim-anes
957 1454 1015 1474 rea:
1026 1444 1261 1483 aceepit—>ita
1269 1446 1276 1458 ⁴
1284 1451 1341 1481 yes
1351 1451 1358 1471 ε
1369 1442 1376 1455 '

784 1497 891 1526 comp.
912 1487 985 1518 Ter.
1007 1486 1111 1517 Andr.
1127 1495 1147 1516 v
1163 1486 1192 1524 2,
1213 1486 1243 1515 8.
1291 1485 1372 1524 Key,

784 1530 822 1561 L.
843 1530 882 1560 G.
901 1532 916 1568 ξ
936 1530 1017 1560 1451
1037 1539 1062 1561 0.
1113 1529 1145 1558 It
1168 1528 1197 1558 is
1220 1527 1376 1567 properly

784 1582 803 1604 a
820 1572 984 1603 eurtailed
1001 1574 1175 1602 sentence:
1201 1573 1252 1601 ita
1269 1571 1333 1602 aio.

828 1616 900 1647 769.
947 1615 1018 1645 The
1045 1615 1181 1653 present
1212 1613 1313 1652 fallis
1343 1612 1373 1643 is

783 1657 862 1688 here
906 1658 1005 1696 given
1049 1657 1091 1696 by
1121 1656 1167 1687 all
1200 1665 1261 1686 our
1291 1665 1374 1686 mss.

783 1701 899 1739 Comp.
919 1701 1073 1730 however
1086 1698 1208 1738 Amph.
1227 1708 1240 1728 1
1253 1699 1281 1736 1,
1300 1699 1374 1734 235,

785 1744 839 1774 So.
871 1744 952 1782 quid
980 1743 1009 1773 si
1034 1744 1160 1782 falles?
1207 1741 1274 1772 ΜΕ.
1309 1746 1377 1771 tum

783 1787 970 1816 Mercurius
1003 1786 1117 1816 Sosiae
1154 1786 1261 1815 iratas
1300 1785 1374 1814 siet.

781 1828 850 1858 But
866 1828 902 1858 in
919 1827 1060 1858 another
1072 1837 1213 1867 passage
1226 1836 1274 1856 we
1288 1826 1375 1856 have

783 1871 841 1901 the
857 1872 1006 1909 present,
1022 1869 1145 1909 Amph.
1167 1879 1209 1900 111
1233 1870 1261 1907 2,
1283 1870 1322 1900 52
1340 1870 1378 1899 id

785 1924 840 1953 eqo
857 1915 886 1943 si
896 1914 997 1953 fallo,
1016 1917 1083 1943 tum
1100 1918 1140 1950 te,
1156 1922 1274 1942 surmne
1296 1913 1375 1951 Iup-

780 1958 879 1995 piter,
918 1958 1044 1994 Quaeso
1073 1955 1308 1994 Amphitruoni
1338 1959 1376 1984 ut

784 2009 907 2038 semper
921 2000 1029 2029 iratus
1045 1999 1120 2028 sies.
1159 1998 1203 2027 In
1219 1997 1288 2027 this
1301 2006 1374 2035 pas-

785 2051 863 2079 sage
886 2043 975 2082 fallo
1005 2050 1124 2071 means
1148 2041 1276 2080 falsum
1303 2040 1375 2070 dico

786 2085 857 2123 (‘t0
884 2084 1056 2123 deeeive')‚
1086 2083 1154 2114 and
1187 2082 1246 2112 the
1281 2091 1375 2112 same

786 2136 883 2157 sense
895 2126 1003 2157 would
1017 2126 1150 2165 explain
1163 2125 1221 2155 the
1238 2126 1375 2163 present

784 2169 976 2201 line—For
992 2168 1050 2199 the
1070 2167 1303 2199 construction
1325 2177 1374 2198 me

778 2213 892 2252 faciat
931 2211 1027 2251 (abl.)
1060 2221 1114 2242 see
1145 2211 1227 2250 Key,
1259 2210 1299 2241 L.
1331 2209 1371 2242 G.

783 2256 799 2292 g
817 2256 910 2286 1003.
