1661 2663
237 200 319 240 162
724 205 992 236 AVLVLARIA„
1105 193 1195 248 [IV.
1221 196 1284 235 10.
1308 195 1484 235 25—38.

239 303 318 344 LY.
366 303 463 355 ergo
494 301 595 356 quia
625 314 719 341 sum
749 301 924 355 tangere
960 311 1097 347 ausus
1127 297 1243 338 haud
1274 297 1489 338 causificor

353 374 457 414 qum
489 373 582 399 eam
1456 369 1488 393 25

240 417 317 472 ego
337 417 519 456 habeam
539 415 833 470 potissumum.
880 413 957 454 EV.
989 417 1068 452 tun
1084 411 1242 452 habeas
1263 425 1332 451 me
1353 410 1489 451 invito

356 487 494 517 meam
510 475 524 512 2

140 536 222 578 750
242 531 318 572 LY.
362 531 447 570 hau
469 535 511 569 te
534 528 672 568 invito
693 527 881 582 postulo:
913 525 985 567 sed
1012 526 1152 566 meam
1181 539 1268 565 esse
1297 530 1488 579 oportere

357 587 548 627 arbitror.

243 645 345 698 quin
386 650 435 683 tu
475 643 562 683 iam
600 642 801 690 invenies,
843 641 1030 695 inquam,
1072 639 1189 679 illam
1226 639 1366 679 meam
1402 652 1490 678 esse

358 706 560 754 oportere,
582 699 739 739 Euclio.

243 759 323 799 EV.
366 758 446 797 nisi
478 758 615 797 refers
677 756 752 797 LY.
786 755 888 809 quid
919 754 1000 795 tibi
1033 768 1109 807 ego
1141 753 1350 793 referam?

359 814 472 868 quod
494 813 756 866 subrupuisti
777 827 929 852 meum.

246 873 331 912 iam
362 871 533 925 quidem
566 870 703 910 hercle
734 877 777 910 te
801 869 855 909 ad
884 873 1121 922 praetorem
1151 866 1313 921 rapiam
1343 871 1386 905 et,
1413 864 1490 905 tibi

360 928 538 969 scribam
561 927 707 967 dicam.
1462 937 1495 961 30

225 987 322 1027 ·LY.
357 984 558 1038 subrupui
594 999 669 1037 ego
702 985 851 1023 tuom?
896 982 1038 1022 unde?
1081 985 1156 1021 aut
1183 980 1286 1034 quid
1318 979 1361 1019 id
1401 981 1495 1019 est?

360 1043 440 1083 EV.
477 1046 537 1082 ita
556 1047 599 1081 te
621 1040 785 1080 amabit
809 1040 1013 1093 Iuppiter,

146 1106 226 1146 755
246 1102 295 1141 ut
316 1106 363 1140 tu
384 1099 529 1139 nescis.
590 1098 665 1139 LY.
697 1097 778 1137 nisi
800 1096 971 1150 quidem
993 1102 1039 1136 tu
1062 1094 1169 1134 mihi
1190 1094 1295 1148 quid
1317 1107 1495 1148 quaeras

362 1156 527 1196 dixeris.

247 1215 325 1255 EV.
368 1213 510 1254 aulam
539 1211 640 1258 auri,
671 1211 857 1265 inquam,
885 1211 929 1251 te
959 1223 1141 1263 reposco,
1171 1208 1300 1262 quam
1328 1212 1377 1247 tu
1402 1221 1498 1247 con-

362 1269 507 1310 fessffs
540 1269 647 1308 mihi

249 1335 292 1369 te
313 1327 547 1368 abstulisse.
599 1326 675 1366 LY.
707 1326 846 1379 ne'que
868 1323 1017 1377 edepol
1039 1338 1114 1377 ego
1137 1322 1224 1362 dixi
1247 1335 1386 1376 neque
1407 1320 1496 1361 feci.

363 1385 439 1425 Ev.
471 1385 629 1436 negas?

251 1441 328 1482 LY.
371 1443 553 1495 pernego
581 1440 722 1479 immo.
765 1438 865 1478 nam
899 1451 1036 1490 neque
1070 1451 1145 1490 ego
1178 1450 1328 1476 aurum
1359 1435 1499 1488 neque

364 1498 491 1537 istaec
512 1496 608 1536 aula
629 1496 736 1549 quae
757 1495 846 1542 siet,
1467 1506 1498 1530 35

253 1556 336 1595 scio
361 1569 439 1595 nec
465 1553 576 1594 novi.
634 1553 713 1593 EV.
744 1552 859 1592 illam
883 1551 934 1591 e'x
961 1550 1125 1591 Silvani
1152 1550 1246 1590 luco
1273 1563 1402 1603 quam
1427 1549 1499 1589 ab-

368 1611 557 1659 stuleras
580 1609 691 1650 cedo.

152 1671 281 1720 7601,
303 1669 435 1709 refer:
469 1667 691 1707 dimidiam
714 1670 853 1706 tecum
876 1664 1017 1718 potius
1039 1670 1201 1717 partem
1226 1662 1424 1703 dividam.

255 1734 343 1767 tam
366 1725 446 1766 etsi
467 1725 535 1764 fur
555 1723 665 1764 mihi
687 1723 741 1771 e's‚
764 1722 965 1762 molestus
987 1721 1072 1761 non
1094 1735 1186 1761 ero:
1216 1720 1230 1759 i
1254 1719 1362 1767 vero,
1383 1718 1499 1760 refer.

1409 751 1490 791 Ev.

299 1837 370 1870 750.
421 1839 586 1875 oportere:
611 1832 788 1871 according
810 1833 844 1862 to

257 1879 315 1910 the
327 1879 407 1909 laws
420 1879 454 1908 of
464 1877 603 1907 Athens.
634 1876 695 1906 See
707 1876 768 1907 786
782 1874 848 1905 and

259 1923 332 1953 Ter.
353 1921 457 1951 Andr.
475 1929 510 1950 IV
527 1920 556 1958 4,
577 1919 629 1949 41.
675 1917 734 1949 Ad.
756 1927 798 1948 111
815 1918 844 1955 4,

258 1966 309 1997 44.
360 1963 494 1994 Phorm.
513 1972 541 1992 11
557 1963 586 1997 3,
605 1962 645 1991 68
662 1971 707 1992 ss.

303 2007 376 2041 752.
411 2005 531 2036 Euclio
541 2004 661 2043 speaks
672 2002 849 2041 ironically

261 2054 268 2068 ‘
283 2049 326 2081 01
333 2057 451 2081 course
462 2047 603 2087 youwill
613 2046 653 2076 be
664 2045 850 2084 legitimate

261 2101 444 2132 possessor,
479 2090 592 2120 unless
622 2098 689 2128 you
724 2090 851 2118 restore

262 2135 320 2166 the
337 2132 469 2173 object?
514 2131 608 2162 Thus
623 2140 671 2161 we
687 2130 772 2160 need
791 2132 852 2160 not,

262 2180 440 2215 transpose
452 2174 511 2206 the
523 2174 608 2205 lines
622 2174 682 2205 752
696 2172 763 2203 and
777 2174 847 2211 753,

263 2229 300 2251 as
315 2218 487 2249 Acidalius
502 2226 570 2247 was
586 2215 734 2246 inclined
746 2217 781 2245 to
797 2214 850 2245 do.

305 2263 378 2294 753.
425 2260 542 2299 Comp.
559 2259 639 2290 Hor.
660 2258 766 2289 Serm.
792 2267 804 2288 1
821 2259 852 2294 9,

261 2307 302 2337 77
317 2306 409 2344 rapit
424 2305 462 2334 in
476 2304 539 2334 ius.
587 2301 730 2332 P1autus
751 2301 853 2331 Persa,

261 2347 323 2380 745
336 2356 363 2378 s.
377 2346 440 2377 Do.
454 2345 535 2385 quid
546 2354 594 2376 me
607 2345 644 2375 in
659 2345 711 2374 ius
727 2353 823 2374 vocas
836 2346 848 2373 ,²

917 1832 970 1863 SA.
991 1833 1045 1862 illi
1069 1832 1159 1871 apud
1177 1835 1360 1870 praetorem
1382 1832 1501 1868 dicam,

915 1876 971 1905 sed
1000 1884 1055 1913 eqo
1084 1877 1118 1904 in
1148 1875 1200 1904 ius
1230 1875 1504 1904 voca—scribam

917 1918 1022 1947 (licam
1038 1929 1046 1947 .·
1068 1916 1229 1956 ’γράψομαι
1243 1917 1335 1949 δίκην.
1386 1915 1500 1954 Comp.

919 1959 990 1991 Ter.
1016 1959 1153 1989 Phorm.
1178 1968 1191 1988 1
1214 1960 1243 1997 2,
1269 1959 1320 1992 77.
1359 1967 1387 1988 11
1403 1959 1434 1995 2,
1452 1959 1502 1989 15.

918 2012 952 2032 1v
968 2004 997 2041 3,
1017 2003 1066 2032 63.
1114 2002 1221 2032 Plaut.
1246 2001 1350 2031 Poen.
1373 2010 1416 2030 111
1439 2001 1467 2037 6,
1485 2001 1503 2031 5

917 2045 980 2075 has
995 2046 1195 2075 subscribam
1211 2045 1328 2074 dicam.

963 2089 1033 2119 758.
1089 2089 1205 2117 immo:
1240 2086 1276 2115 ‘I
1306 2085 1398 2116 don't
1426 2086 1506 2124 only

920 2129 1007 2169 deny
1021 2129 1058 2167 it,
1077 2129 1139 2159 but
1162 2129 1179 2158 Ι
1200 2128 1404 2167 obstinately
1420 2127 1507 2166 deny

918 2172 968 2202 it)
1029 2172 1101 2202 The
1131 2171 1211 2210 only
1242 2171 1339 2201 other
1368 2179 1506 2210 passage

919 2215 1029 2245 where
1054 2216 1148 2245 immo
1174 2213 1293 2244 stands
1316 2213 1353 2243 in
1376 2213 1435 2243 the
1458 2221 1506 2243 se-

921 2257 1007 2288 cond
1023 2257 1116 2296 place
1132 2256 1161 2286 is
1179 2256 1272 2295 Capt.
1294 2265 1322 2286 11
1339 2255 1369 2292 2,
1387 2255 1459 2287 104.

966 2300 1038 2333 759.
1076 2299 1142 2329 For
1156 2309 1259 2339 neque
1275 2300 1342 2330 scio
1358 2308 1415 2330 nec
1430 2298 1507 2329 novi

921 2352 976 2374 see
991 2352 1024 2374 n.
1042 2352 1086 2372 on
1102 2352 1133 2372 v.
1152 2342 1221 2374 190.
